@inproceedings{judy2008great,
  title={Great scrums need great Product owners: Unbounded collaboration and collective Product Ownership},
  author={Judy, Ken H and Krumins-Beens, Ilio},
  booktitle={Hawaii International Conference on System Sciences, Proceedings of the 41st Annual},
  pages={462--462},
  year={2008},
  organization={IEEE}
}
@misc{horowitz2010good,
  title={Good product manager/bad product manager},
  author={Horowitz, Ben and Weiden, David},
  year={2010}
}
@misc{mountaingoatsoftware,
  title={Product Owner},
  author={mountaingoatsoftware},
  link={https://www.mountaingoatsoftware.com/agile/scrum/product-owner}
}
@book{keith2010agile,
  title={Agile game development with Scrum},
  author={Keith, Clinton},
  year={2010},
  publisher={Pearson Education}
}
@misc{mountaingoatsoftware,
  title={Product Owner},
  author={mountaingoatsoftware},
  link={https://www.mountaingoatsoftware.com/agile/scrum/product-owner}
}
@article{shannon, 
	author={Clinton Keith}, 
	title={Publisher side product owners}, 
	year={2009}
	link={http://blog.agilegamedevelopment.com/2009/04/publisher-side-product-owners.html}
}
